@book{Kozen97,
	title={Automata and computability},
	author={Kozen, Dexter C},
	year={1997},
	publisher={Springer Science \& Business Media}
}

@inproceedings{Vardhan04,
	title={Actively learning to verify safety for FIFO automata},
	author={Vardhan, Abhay and Sen, Koushik and Viswanathan, Mahesh and Agha, Gul},
	booktitle={International Conference on Foundations of Software Technology and Theoretical Computer Science},
	pages={494--505},
	year={2004},
	organization={Springer}
}

@inproceedings{Vardhan04b,
author = {Vardhan, Abhay and Sen, Koushik and Viswanathan, Mahesh and Agha, Gul},
year = {2004},
month = {01},
pages = {274-289},
title = {Learning to Verify Safety Properties},
isbn = {978-3-540-23841-6},
doi = {10.1007/978-3-540-30482-1_26}
}

@article{Finkel03,
  title={Well-abstracted transition systems: Application to FIFO automata},
  author={Finkel, Alain and Iyer, S Purushothaman and Sutre, Gr{\'e}goire},
  journal={Information and Computation},
  volume={181},
  number={1},
  pages={1--31},
  year={2003},
  publisher={Elsevier}
}


@book{Linz06,
	title={An introduction to formal languages and automata},
	author={Linz, Peter},
	year={2006},
	publisher={Jones \& Bartlett Learning}
}

@article{Klein18,
	title={and Automata Theory and Applications},
	author={Klein, Shmuel Tomi and Mart{\'\i}n-Vide, Carlos and Shapira, Dana},
	publisher={Springer},
	year={2018}
}


@article{Pin10,
	title={Mathematical foundations of automata theory},
	author={Pin, Jean-{\'E}ric},
	journal={Lecture notes LIAFA, Universit{\'e} Paris},
	volume={7},
	year={2010}
}


@article{Hopcroft79,
  title={Introduction to Automata Theory, Languages and Computation. Adison-Wesley},
  author={Hopcroft, John E and Ullman, Jeffrey D},
  journal={Reading, Mass},
  year={1979}
}

@phdthesis{Neider14,
	title={Applications of automata learning in verification and synthesis},
	author={Neider, Daniel},
	year={2014},
	school={Hochschulbibliothek der Rheinisch-Westf{\"a}lischen Technischen Hochschule Aachen}
}

@book{Hopcroft00,
	Author = {John E. Hopcroft},
	title = {Introduction to Automata Theory, Languages, and Computation (2nd Edition)},
	description = {Introduction to Automata Theory, Languages, and Computation (2nd Edition) (Book, 2000)},
	publisher = {Addison Wesley},
	interhash = {679fcac1ac83f815a4e068e1a0f88fa7},
	intrahash = {787c89a6291dd250fb07bf9e0f14191e},
	year = {2000},
	month = {nov},
	isbn = {0201441241},
	url = {https://www.xarg.org/ref/a/0201441241/}
}
